%!TEX root = tcc.tex

@misc{site:wiki-isp,
    author = "Wikipedia",
    title = "Internet service provider --- Wikipedia{,} The Free Encyclopedia",
    year = "2013",
    url = "http://en.wikipedia.org/w/index.php?title=Internet_service_provider&oldid=573549991",
    note = "[misc; accessed 29-September-2013]"
 }

@misc{site:wiki-mp3,
    author = "Wikipedia",
    title = "MP3 --- Wikipedia{,} The Free Encyclopedia",
    year = "2013",
    url = "http://en.wikipedia.org/w/index.php?title=MP3&oldid=574123988",
    note = "[misc; accessed 29-September-2013]"
}

@misc{site:wiki-fs,
    author = "Wikipedia",
    title = "File sharing --- Wikipedia{,} The Free Encyclopedia",
    year = "2013",
    url = "http://en.wikipedia.org/w/index.php?title=File_sharing&oldid=556034682",
    note = "[misc; acessado em maio de 2013]"
}

@misc{site:wiki-fs-timeline,
    author = "Wikipedia",
    title = "Timeline of file sharing --- Wikipedia{,} The Free Encyclopedia",
    year = "2013",
    url = "http://en.wikipedia.org/w/index.php?title=Timeline_of_file_sharing&oldid=571061187",
    note = "[misc; acessado em 28 de setembro de 2013]"
}

@misc{site:wiki-audiogalaxy.com,
    author = "Wikipedia",
    title = "Audiogalaxy --- Wikipedia{,} The Free Encyclopedia",
    year = "2013",
    url = "http://en.wikipedia.org/w/index.php?title=Audiogalaxy&oldid=560950036",
    note = "[Online; accessed 29-September-2013]"
}

@misc{site:wiki-mp3.com,
    author = "Wikipedia",
    title = "MP3.com --- Wikipedia{,} The Free Encyclopedia",
    year = "2013",
    url = "http://en.wikipedia.org/w/index.php?title=MP3.com&oldid=571025541",
    note = "[Online; accessed 29-September-2013]"
}

@misc{site:wiki-riaa,
    author = "Wikipedia",
    title = "Recording Industry Association of America --- Wikipedia{,} The Free Encyclopedia",
    year = "2013",
    url = "http://en.wikipedia.org/w/index.php?title=Recording_Industry_Association_of_America&oldid=574192660",
    note = "[Online; accessed 30-September-2013]"
}

@misc{site:wiki-napster,
    author = "Wikipedia",
    title = "Napster --- Wikipedia{,} The Free Encyclopedia",
    year = "2013",
    url = "http://en.wikipedia.org/w/index.php?title=Napster&oldid=573999770",
    note = "[Online; accessed 30-September-2013]"
}

@article{revista:pnp,
    author = "",
    title     = "Um pouco de história: redes P2P de compartilhamento de arquivos",
    journal   = "Revista PnP",
    number   = "10",
    pages    = "12",
    year      = "2008",
    month    = "10",
    url = "http://www.revistapnp.com.br/pnp_10.php",
    note = "[Online; retirado de http://www.thecnica.com/artigos/PnP_10_02.pdf]"
}

misc{site:wiki-theory,
    author = "Theory.org Wiki",
    title = "Main Page --- Theory.org Wiki{,}",
    year = "2013",
    url = "https://wiki.theory.org/index.php?title=Main_Page&oldid=216",
    note = "[Online; acessado em maio de 2013]"
}

misc{site:bt,
    title = "Index of BitTorrent Enhancement Proposals",
    url = "http://www.bittorrent.org/beps/bep_0000.html",
    year = "2012",
    note = "[Online; acessado em maio de 2013]"
}

misc{site:wiki-vuze,
    title = "Category:Technical Information --- Vuze Wiki{,} ",
    year = "2013",
    url = "http://wiki.vuze.com/w/Category:Technical_Information",
    note = "[Online; acessado em maio de 2013]"
}

misc{site:wiki-p2pfs,
    author = "Wikipedia",
    title = "Peer-to-peer file sharing --- Wikipedia{,} The Free Encyclopedia",
    year = "2013",
    url = "http://en.wikipedia.org/w/index.php?title=Peer-to-peer_file_sharing&oldid=558141797",
    note = "[Online; acessado em maio de 2013]"
}

misc{site:wiki-p2p,
    author = "Wikipedia",
    title = "Peer-to-peer --- Wikipedia{,} The Free Encyclopedia",
    year = "2013",
    url = "http://en.wikipedia.org/w/index.php?title=Peer-to-peer&oldid=556683045",
    note = "[Online; acessado em maio de 2013]"
}




misc{slides,
    author = "K. Y. Lin",
    title = "Survey on BitTorrent",
    month = "Março",
    year = "2006"
}




misc{ref-algo1,
    author = "Richard Thommes and Mark Coates",
	title = "BitTorrent Fairness: Analysis and Improvements"
}

techreport{ref-algo2,
	author = "Ashwin R. Bharambe, Cormac Herley, Venkata N. Padmanabhan",
	title = "Analyzing and Improving BitTorrent Performance",
    institution = "Microsoft Research",
    year = "2005",
    month = "February"
}

misc{ref-algo3,
	author = "Alix L. H. Chow, Leana Golubchik, Vishal Misra",
	title = "Improving BitTorrent: A Simple Approach"
}

article{ref-algo4,
	author = "Soumya V. L., Anirban Basu",
	title = "Modified BitTorrent Protocol and its application in Cloud Computing Environment",
    journal = "International Journal of Computer Science, Engineering and Applications (IJCSEA)",
    volume   = "2",
    number   = "5",
    pages    = "23-31",
    year      = "2012",
    month    = "Outubro"
}

misc{ref-algo5,
	author = "Chi-Jen Wu, Cheng-Ying Li, Jan-Ming Ho",
	title = "Improving the Download Time of BitTorrent-like Systems"
}

misc{ref-algo6,
	author = "Aaron Grunthal",
	title = "Efficient Indexing of the BitTorrent Distributed Hash Table"
}

misc{ref-algo7,
	author = "J. A. Pouwelse, P. Garbacki, D. H. J. Epema, H. J. Sips",
	title = "The BitTorrent P2P File-Sharing System: Measurements and Analysis"
}

misc{ref-algo8,
	author = "Bram Cohen",
	title = "Incentives Build Robustness in BitTorrent"
}

misc{ref-algo9,
	author = "Michael Piatek, Tomas Isdal, Thomas Anderson, Arvind Krishnamurthy, Arun Venkataramani",
	title = "Do incentives build robustness in BitTorrent?"
}

misc{ref-algo10,
	author = "Salvatore Spoto, Rossano Gaeta, Marco Grangetto, Matteo Sereno",
	title = "BitTorrent and fountain codes: friends or foes?"
}

misc{ref-algo11,
	author = "Scott A. Crosby, Dan S. Wallach",
	title = "An Analysis of BitTorrent’s Two Kademlia-Based DHTs"
}

misc{ref-algo12,
	author = "Damiano Carra, Giovanni Neglia, Member, IEEE, Pietro Michiardi, Francesco Albanese",
	title = "On the Robustness of BitTorrent Swarms to Greedy Peers"
}

misc{ref-algo13,
	author = "György Dán, Niklas Carlsson",
	title = "Dynamic Swarm Management for Improved BitTorrent Performance"
}

misc{ref-algo14,
	author = "Umair Waheed Khan, Umar Saif",
	title = "BitTorrent for the Less Privileged"
}

misc{ref-algo15,
	author = "Marios Iliofotou, Georgos Siganos, Xiaoyuan Yang, Pablo Rodriguez",
	title = "Comparing BitTorrent Clients in the Wild: The Case of Download Speed"
}

misc{ref-algo16,
	author = "Paolo Di Francesco, Stefano Cucchiella",
	title = "Selfish strategies affecting the BitTorrent protocol"
}

misc{ref-algo17,
	author = "Alex Sherman",
	title = "Guaranteeing Performance through Fairness in Peer-to-Peer File-Sharing and Streaming Systems"
}

misc{ref-algo18,
    author = "Matheus B. Lehmann, Rodrigo B. Mansilha, Marinho P. Barcellos, Flávio Roberto Santos",
	title = "Swarming: como BitTorrent Revolucionou a Internet"
}



misc{ref-redes1,
    author = "Cameron Dale, Jiangchuan Liu, Bo Li",
    title = "On the Network Topologies Formed in BitTorrent Downloads"
}

misc{ref-redes2,
	author = "David Erman, Dragos Ilie, Adrian Popescu",
	title = "BitTorrent Session Characteristics and Models"
}

misc{ref-redes3,
	author = "Ruchir Bindal, Pei Cao, William Chan, Jan Medval, George Suwala, Tony Bates, Amy Zhang",
	title = "Improving Traffic Locality in BitTorrent via Biased Neighbor Selection"
}

misc{ref-redes3a,
	author = "Chen Tian, Xue Liu, Hongbo Jiang, Wenyu Liu, Yi Wang",
	title = "Improving BitTorrent Traffic Performance by Exploiting Geographic Locality"
}

misc{ref-redes4,
	author = "Tomas Isdal",
	title = "Using BitTorrent for Measuring End-To-End Internet Path Characteristics"
}

misc{ref-redes5,
	author = "Wei-Cherng Liao, Fragkiskos Papadopoulos, Konstantinos Psounis, Constantinos Psomas",
	title = "Modelling BitTorrent-like systems with many classes of users"
}

misc{ref-redes5a,
    author = "Wei-Cherng Liao, Fragkiskos Papadopoulos, Konstantinos Psounis",
	title = "Performance Analysis of BitTorrent-like Systems in Heterogeneous Networks"
}

misc{ref-redes6,
	author = "Cameron Dale, Jiangchuan Liu, Joseph Peters, Bo Li",
	title = "Evolution and Enhancement of BitTorrent Network Topologies"
}

misc{ref-redes7,
	author = "Nazareno Andrade, Jaindson Santana, Walfredo Cirne, Francisco Brasileiro",
	title = "On the Efficiency and Cost of Introducing QoS in BitTorrent"
}

misc{ref-redes8,
	author = "Zengbin Zhang, Yuan Lin, Yang Chen, Yongqiang Xiong, Jacky Shen, Hongqiang Liu, Beixing Deng, Xing Li",
	title = "Experimental Study of Broadcatching in BitTorrent"
}

misc{ref-redes9,
	author = "Ashwin Rao , Arnaud Legout, Walid Dabbous",
	title = "Can Realistic BitTorrent Experiments Be Performed on Clusters?"
}

misc{ref-redes10,
	author = "Tobias Hoßfeld, Frank Lehrieder, David Hock, Simon Oechsner, Zoran Despotovic, Wolfgang Kellerer, Maximilian Michel",
	title = "Characterization of BitTorrent swarms and their distribution in the Internet"
}

misc{ref-redes11,
	author = "Scott Wolchok",
	title = "Crawling BitTorrent DHTs for Fun and Profit"
}

misc{ref-redes12,
	author = "Razvan Deaconescu, Razvan Rughinis, Nicolae Tapus",
	title = "A BitTorrent Performance Evaluation Framework"
}